

<record>
  <leader>00652nam a2200193   4500</leader>
  <controlfield tag="001">BIBLIOPAC-000813</controlfield>
  <controlfield tag="008">030701s2001    bl     f      000 0 por  </controlfield>
  <datafield tag="082" ind1="1" ind2=" ">
    <subfield code="a">001.6</subfield>
  </datafield>
  <datafield tag="090" ind1=" " ind2=" ">
    <subfield code="a">001.6</subfield>
    <subfield code="b">C749a</subfield>
  </datafield>
  <datafield tag="111" ind1="2" ind2=" ">
    <subfield code="a">Congresso de Informática da Amazônia </subfield>
    <subfield code="n">(1. : </subfield>
    <subfield code="d">2002 : </subfield>
    <subfield code="c">Manaus)</subfield>
  </datafield>
  <datafield tag="245" ind1="1" ind2="0">
    <subfield code="a">Anais / </subfield>
    <subfield code="c">I Congresso de Informática da Amazônia, I Simpósio de Informática da Amazônia.</subfield>
  </datafield>
  <datafield tag="260" ind1=" " ind2=" ">
    <subfield code="a">Manaus : </subfield>
    <subfield code="b">SEDUC : </subfield>
  </datafield>
  <datafield tag="260" ind1=" " ind2=" ">
    <subfield code="b">UEA : </subfield>
  </datafield>
  <datafield tag="260" ind1=" " ind2=" ">
    <subfield code="b">UTAM, </subfield>
    <subfield code="c">2001.</subfield>
  </datafield>
  <datafield tag="300" ind1=" " ind2=" ">
    <subfield code="a">366 p.  : </subfield>
    <subfield code="b">il.</subfield>
  </datafield>
  <datafield tag="650" ind1=" " ind2="0">
    <subfield code="a">Informática</subfield>
    <subfield code="z">Amazônia</subfield>
    <subfield code="x">Congressos.</subfield>
  </datafield>
  <datafield tag="711" ind1="2" ind2=" ">
    <subfield code="a">Simpósio de Informática da Amazônia </subfield>
    <subfield code="n">(1. : </subfield>
    <subfield code="d">2002 : </subfield>
    <subfield code="c">Manaus)</subfield>
  </datafield>
  <datafield tag="942" ind1=" " ind2=" ">
    <subfield code="c">L</subfield>
  </datafield>
  <datafield tag="999" ind1=" " ind2=" ">
    <subfield code="c">7636</subfield>
    <subfield code="d">7636</subfield>
  </datafield>
  <datafield tag="952" ind1=" " ind2=" ">
    <subfield code="0">0</subfield>
    <subfield code="1">0</subfield>
    <subfield code="2">ddc</subfield>
    <subfield code="4">0</subfield>
    <subfield code="6">AM_001_600000000000000_C749A</subfield>
    <subfield code="7">0</subfield>
    <subfield code="8">AM</subfield>
    <subfield code="9">9603</subfield>
    <subfield code="a">sdin</subfield>
    <subfield code="b">sdin</subfield>
    <subfield code="d">2016-11-23</subfield>
    <subfield code="l">0</subfield>
    <subfield code="o">AM 001.6 C749a</subfield>
    <subfield code="p">02-0216</subfield>
    <subfield code="r">2016-11-23</subfield>
    <subfield code="w">2016-11-23</subfield>
    <subfield code="y">L</subfield>
  </datafield>
</record>