

<record>
  <leader>00888nam a22002534a 4500</leader>
  <controlfield tag="003">BR-MnINPA</controlfield>
  <controlfield tag="005">20161124163859.0</controlfield>
  <controlfield tag="008">160311s2015    bl a   g      000 0 por  </controlfield>
  <datafield tag="020" ind1=" " ind2=" ">
    <subfield code="a">9788532636904  (broch.)</subfield>
  </datafield>
  <datafield tag="040" ind1=" " ind2=" ">
    <subfield code="a">BR-RjBN</subfield>
    <subfield code="b">por</subfield>
  </datafield>
  <datafield tag="041" ind1="1" ind2=" ">
    <subfield code="a">por</subfield>
    <subfield code="h">eng</subfield>
  </datafield>
  <datafield tag="082" ind1="0" ind2="4">
    <subfield code="2">19</subfield>
    <subfield code="a">001.61</subfield>
  </datafield>
  <datafield tag="090" ind1=" " ind2=" ">
    <subfield code="a">001.61</subfield>
    <subfield code="b">B536f</subfield>
  </datafield>
  <datafield tag="100" ind1="1" ind2=" ">
    <subfield code="a">Bertalanffy, Ludwig von,</subfield>
    <subfield code="d">1901-1972</subfield>
  </datafield>
  <datafield tag="245" ind1="1" ind2="0">
    <subfield code="a">Teoria geral dos sistemas :</subfield>
    <subfield code="b">fundamentos, desenvolvimento e aplicações /</subfield>
    <subfield code="c">Ludwig von Bertalanffy ; tradução de Francisco M. Guimarães. -</subfield>
  </datafield>
  <datafield tag="250" ind1=" " ind2=" ">
    <subfield code="a">3. ed. -</subfield>
  </datafield>
  <datafield tag="260" ind1=" " ind2=" ">
    <subfield code="a">Petrópolis, RJ :</subfield>
    <subfield code="b">Vozes,</subfield>
    <subfield code="c">1977.</subfield>
  </datafield>
  <datafield tag="300" ind1=" " ind2=" ">
    <subfield code="a">360p. :</subfield>
    <subfield code="b">il. ;</subfield>
    <subfield code="c">21cm.</subfield>
  </datafield>
  <datafield tag="500" ind1=" " ind2=" ">
    <subfield code="a">O número do ISBN impresso não é válido para esta edição.</subfield>
  </datafield>
  <datafield tag="500" ind1=" " ind2=" ">
    <subfield code="a">Tradução de: General system theory: foundations, development, applications.</subfield>
  </datafield>
  <datafield tag="650" ind1="0" ind2="3">
    <subfield code="a">Teoria dos sistemas</subfield>
  </datafield>
  <datafield tag="852" ind1=" " ind2=" ">
    <subfield code="a">Obras Gerais</subfield>
  </datafield>
  <datafield tag="942" ind1=" " ind2=" ">
    <subfield code="c">L</subfield>
  </datafield>
  <datafield tag="999" ind1=" " ind2=" ">
    <subfield code="c">17952</subfield>
    <subfield code="d">17952</subfield>
  </datafield>
  <datafield tag="952" ind1=" " ind2=" ">
    <subfield code="0">0</subfield>
    <subfield code="1">0</subfield>
    <subfield code="2">ddc</subfield>
    <subfield code="4">0</subfield>
    <subfield code="6">001_610000000000000_B536F</subfield>
    <subfield code="7">0</subfield>
    <subfield code="8">G</subfield>
    <subfield code="9">24232</subfield>
    <subfield code="a">sdin</subfield>
    <subfield code="b">sdin</subfield>
    <subfield code="d">2016-11-24</subfield>
    <subfield code="l">0</subfield>
    <subfield code="o">001.61 B536f</subfield>
    <subfield code="p">2016-0547</subfield>
    <subfield code="r">2016-11-24</subfield>
    <subfield code="w">2016-11-24</subfield>
    <subfield code="y">L</subfield>
  </datafield>
</record>

</collection>
